@inproceedings{chang2015,
  author={C. F. Chang and K. W. Chen and C. C. Chuang},
  booktitle={2015 IEEE International Conference on Digital Signal Processing (DSP)},
  title={Performance comparison of rasterization-based graphics pipeline and ray tracing on GPU shaders},
  year={2015},
  volume={},
  number={},
  pages={120--123},
  month={July}
}

@misc{perlin83,
  author={Perlin, Ken},
  title={Making Noise},
  year={1983}
}

@article{blinn78,
  author={Blinn, James F.},
  journal={ACM SIGGRAPH Computer Graphics},
  number={3},
  pages={286--292},
  title={Simulation of Wrinkled Surfaces},
  volume={12},
  year={1978},
}
